@STRING(RAS="Robotics \& Auton. Sys.")
 

@Article{Klancar2004,
author	= {Klan\v{c}ar, G. and M. Kristan and R. Karba},
title	= {Wide-angle camera distortions and non-uniform illumination in
mobile robot tracking},
journal	= RAS,
year	= {2004},
volume	= {46},
pages	= {125--133}
}
